@article{weiser1991computer,
  title={The computer for the 21st century},
  author={Weiser, Mark},
  journal={Scientific american},
  volume={265},
  number={3},
  pages={94--104},
  year={1991},
  publisher={Nature Publishing Group}
}

@article{satyanarayanan2001pervasive,
  title={Pervasive computing: Vision and challenges},
  author={Satyanarayanan, Mahadev},
  journal={Personal Communications, IEEE},
  volume={8},
  number={4},
  pages={10--17},
  year={2001},
  publisher={IEEE}
}

@inproceedings{guedes2008brisa,
  title={Brisa upnp a/v framework},
  author={Guedes, Adrian LV and Santos, Danilo FS and do Nascimento, Jose L and Sales, Leandro M and Perkusich, Angelo and Almeida, Hyggo O},
  booktitle={Consumer Electronics, 2008. ICCE 2008. Digest of Technical Papers. International Conference on},
  pages={1--2},
  year={2008},
  organization={IEEE}
}

@misc{sherwin2009upnp,
  title={UPnP Specifications Named International Standard for Device Interoperability for IP-based Network Devices},
  author={Sherwin, Lisa},
  year={2009}
}


